@article{almgerbi2025dynamics,
  author  = {Almgerbi, Mariam and De Mauro, Andrea and Kahlawi, Hanan and Poggioni, Valentina},
  title   = {The Dynamics of Data Analytics Job Skills: a Longitudinal Analysis},
  journal = {Journal of Emerging Data Science},
  year    = {2025},
  volume  = {12},
  number  = {3},
  pages   = {45--68}
}

@inproceedings{grootendorst2022bertopic,
  author    = {Grootendorst, Maarten},
  title     = {BERTopic: Neural Topic Modeling with a Class-Based TF-IDF Procedure},
  booktitle = {Proceedings of the 60th Annual Meeting of the Association for Computational Linguistics},
  year      = {2022},
  pages     = {1--9}
}

@book{devlin2019bert,
  author    = {Devlin, Jacob and Chang, Ming-Wei and Lee, Kenton and Toutanova, Kristina},
  title     = {BERT: Pre-training of Deep Bidirectional Transformers for Language Understanding},
  publisher = {Association for Computational Linguistics},
  year      = {2019},
  address   = {Florence}
}
